<record><leader>00000cas a22000007a 4500</leader><controlfield tag="001">9936632</controlfield><controlfield tag="008">830922d18591921nyuwr ne      0    0eng d</controlfield><datafield ind1=" " ind2=" " tag="010"><subfield code="a">sn 83031638 </subfield></datafield><datafield ind1=" " ind2=" " tag="040"><subfield code="a">NPU</subfield><subfield code="b">eng</subfield><subfield code="c">NPU</subfield><subfield code="d">NPX</subfield><subfield code="d">DLC</subfield><subfield code="d">NYG</subfield><subfield code="d">NYS</subfield><subfield code="d">NYG</subfield><subfield code="d">NYS</subfield><subfield code="d">NVF</subfield><subfield code="d">OCL</subfield><subfield code="d">KRTAS</subfield><subfield code="d">OCLCQ</subfield><subfield code="d">OCLCF</subfield><subfield code="d">OCLCO</subfield></datafield><datafield ind1=" " ind2=" " tag="042"><subfield code="a">msc</subfield></datafield><datafield ind1=" " ind2=" " tag="043"><subfield code="a">n-us-ny</subfield></datafield><datafield ind1="0" ind2="0" tag="050"><subfield code="a">Newspaper 8892</subfield></datafield><datafield ind1="0" ind2=" " tag="130"><subfield code="a">Lyons Republican (Lyons, N.Y. : 1859)</subfield></datafield><datafield ind1="1" ind2="4" tag="245"><subfield code="a">The Lyons Republican.</subfield></datafield><datafield ind1="1" ind2="3" tag="246"><subfield code="a">Lyons Republican and Wayne County review</subfield></datafield><datafield ind1=" " ind2=" " tag="260"><subfield code="a">Lyons, N.Y. :</subfield><subfield code="b">William T. Tinsley</subfield></datafield><datafield ind1=" " ind2=" " tag="300"><subfield code="a">v. :</subfield><subfield code="b">ill. ;</subfield><subfield code="c">63 cm.</subfield></datafield><datafield ind1=" " ind2=" " tag="310"><subfield code="a">Weekly</subfield></datafield><datafield ind1="1" ind2=" " tag="362"><subfield code="a">Began in 1859? Ceased with Dec. 30, 1921 issue.</subfield></datafield><datafield ind1=" " ind2=" " tag="500"><subfield code="a">Aug. 3, 1921 called also: 100th Anniversary edition.</subfield></datafield><datafield ind1=" " ind2=" " tag="588"><subfield code="a">Description based on: Vol. 26, no. 1314 (May 15, 1863).</subfield></datafield><datafield ind1=" " ind2="0" tag="651"><subfield code="a">Lyons (N.Y.)</subfield><subfield code="v">Newspapers.</subfield></datafield><datafield ind1=" " ind2="0" tag="651"><subfield code="a">Wayne County (N.Y.)</subfield><subfield code="v">Newspapers.</subfield></datafield><datafield ind1=" " ind2="7" tag="655"><subfield code="a">Newspapers.</subfield><subfield code="2">fast</subfield><subfield code="0">(OCoLC)fst01423814</subfield></datafield><datafield ind1=" " ind2="7" tag="651"><subfield code="a">New York (State)</subfield><subfield code="z">Lyons.</subfield><subfield code="2">fast</subfield><subfield code="0">(OCoLC)fst01216445</subfield></datafield><datafield ind1=" " ind2="7" tag="651"><subfield code="a">New York (State)</subfield><subfield code="z">Wayne County.</subfield><subfield code="2">fast</subfield><subfield code="0">(OCoLC)fst01206235</subfield></datafield><datafield ind1=" " ind2=" " tag="752"><subfield code="a">United States</subfield><subfield code="b">New York</subfield><subfield code="c">Wayne</subfield><subfield code="d">Lyons.</subfield></datafield><datafield ind1="0" ind2="0" tag="780"><subfield code="t">Lyons weekly Republican</subfield><subfield code="w">(DLC)sn 88074786</subfield><subfield code="w">(OCoLC)18566128</subfield></datafield><datafield ind1="0" ind2="5" tag="780"><subfield code="t">Wayne County review (Lyons, N.Y.)</subfield><subfield code="w">(DLC)sn 88074599</subfield><subfield code="w">(OCoLC)18243038</subfield></datafield><datafield ind1="0" ind2="0" tag="785"><subfield code="t">Lyons Republican and Wayne County review</subfield><subfield code="w">(DLC)sn 89071359</subfield><subfield code="w">(OCoLC)19968693</subfield></datafield><datafield ind1=" " ind2=" " tag="938"><subfield code="a">Kirtas Technologies, Inc.</subfield><subfield code="b">KRTS</subfield><subfield code="n">737470</subfield></datafield></record>